% Encoding: UTF-8

@WWW{MarketingTermen2018,
  author = {MarketingTermen},
  title  = {E-commerce},
  year   = {2018},
  url    = {https://Marketingtermen.nl/begrip/e-commerce},
}

@WWW{wphandleiding2015,
  author = {wphandleiding},
  title  = {Wat is het wordpress CMS?},
  year   = {2015},
  url    = {https://www.wphandleiding.nl/wordpress-kennisbank/wordpress-informatie/wat-een-content-management-systeem-cms/},
}

@WWW{forresult2014,
  author = {forresult},
  title  = {Wat is een CMS?},
  year   = {2014},
  url    = {https://www.forresult.nl/i/wat-is-een-cms},
}

@WWW{Builtwith2018,
  author = {Builtwith},
  title  = {Usage of content management systems for websites},
  year   = {2018},
  url    = {https://w3techs.com/technologies/overview/content_management/all},
}

@WWW{Postma2018,
  author = {Postma, Wouter},
  editor = {WPLOUNGE},
  title  = {Wat is Wordpress?},
  year   = {2018},
  url    = {https://www.wplounge.nl/wat-is-wordpress/},
}

@WWW{Drupal2018,
  author = {Drupal},
  title  = {Our history},
  year   = {2018},
  url    = {https://www.drupal.org/about/history},
}

@Book{Crowder2009,
  author   = {Crowder, Kenneth and Severdia, Ron},
  title    = {Using Joomla},
  year     = {2009},
  subtitle = {A brief history of Joomla},
  url      = {https://www.oreilly.com/library/view/using-joomla/9781449377434/},
}

@Article{Patel2011,
  author  = {Patel, Savan K. and Rathod, R.V. and Prajapati, B. Jingna},
  title   = {Performance Analysis of Content Management Systems - Joomla, Drupal and WordPress},
  journal = {International Journal of Computer Applications},
  year    = {2011},
}

@WWW{Builtwith2018a,
  author = {Builtwith},
  title  = {WooCommerce Usage Statistics},
  year   = {2018},
  url    = {https://trends.builtwith.com/shop/WooCommerce},
}

@WWW{Wordpress2018,
  author = {Wordpress},
  title  = {WooCommerce advanced},
  year   = {2018},
  url    = {https://en-gb.wordpress.org/plugins/woocommerce/advanced/},
}

@WWW{Drupal2018a,
  author = {Drupal},
  title  = {Commerce},
  year   = {2018},
  url    = {https://www.drupal.org/project/commerce},
}

@WWW{Builtwith2018b,
  author = {Builtwith},
  title  = {Drupal Commerce Usage Statistics},
  year   = {2018},
  url    = {https://trends.builtwith.com/shop/Drupal-Commerce},
}

@Book{Sarkar2009,
  author = {Sarkar, Suhreed},
  title  = {Joomla! E-commerce with VirtueMart},
  year   = {2009},
  url    = {https://books.google.be/books?id=jFnkbF8ILOUC&printsec=frontcover&hl=nl#v=onepage&q&f=false},
}

@WWW{Builtwith2018c,
  author = {Builtwith},
  title  = {Virtuemart Usage Statistics},
  year   = {2018},
  url    = {https://trends.builtwith.com/shop/VirtueMart},
}

@Comment{jabref-meta: databaseType:biblatex;}
