% Encoding: windows-1252

@Thesis{Crombrugge2015,
  author      = {van Crombrugge, K.},
  title       = {Is Drupal de beste keuze voor een e-commerce webapplicatie?},
  institution = {Howest},
  year        = {2015},
  file        = {:C\:\\Users\\rerre\\OneDrive\\Documenten\\Schooljaar 2017- 2018\\BAP\\IS DRUPAL DE BESTE KEUZE VOOR EEN E-COMMERCE WEBAPPLICATIE.pdf:PDF},
}

@WWW{BWPL2017,
  author = {{BuiltWith Pty Ltd}},
  title  = {CMS Usage Statistics},
  year   = {2017},
  url    = {https://trends.builtwith.com/cms},
}

@WWW{BWPL2017a,
  author = {{BuiltWith Pty Ltd}},
  title  = {Ecommerce Usage Statistics},
  year   = {2017},
  url    = {https://trends.builtwith.com/shop},
}

@Comment{jabref-meta: databaseType:biblatex;}
